<?xml version="1.0" encoding="UTF-8"?><collection><record><leader>02291ntm a2200373 a 4500</leader><controlfield tag="001">002601786</controlfield><controlfield tag="003">MiAaHDL</controlfield><controlfield tag="005">20190719000000.0</controlfield><controlfield tag="006">m        d        </controlfield><controlfield tag="007">cr bn ---auaua</controlfield><controlfield tag="008">930310s1882    xx            00||  ara d</controlfield><datafield tag="035" ind1=" " ind2=" "><subfield code="a">(MiU)002601786</subfield></datafield><datafield tag="035" ind1=" " ind2=" "><subfield code="a">sdr-miu002601786</subfield></datafield><datafield tag="035" ind1=" " ind2=" "><subfield code="a">(OCoLC)34365828</subfield></datafield><datafield tag="035" ind1=" " ind2=" "><subfield code="a">(RLIN)MIUH93-A26</subfield></datafield><datafield tag="040" ind1=" " ind2=" "><subfield code="a">MiU</subfield><subfield code="c">MiU</subfield><subfield code="e">appm</subfield><subfield code="d">MiU</subfield></datafield><datafield tag="240" ind1="0" ind2="0"><subfield code="6">880-01</subfield><subfield code="a">Fawāʾid sharīfah wa-taḥqīqāt munīfah intajabtuhā min al-muṭawwalāt fīmā yataʻallaq bi-khuṣūṣ al-munḥarifāt</subfield></datafield><datafield tag="245" ind1="0" ind2="0"><subfield code="6">880-02</subfield><subfield code="a">Risālah fī rasm al-munḥarifāt :</subfield><subfield code="k">manuscript,</subfield><subfield code="f">[1882].</subfield></datafield><datafield tag="300" ind1=" " ind2=" "><subfield code="a">1</subfield><subfield code="f">v. ([86] p. on 21 lvs.) :</subfield><subfield code="b">ill. ;</subfield><subfield code="c">24 cm.</subfield></datafield><datafield tag="500" ind1=" " ind2=" "><subfield code="a">Watermark: Andrea Galvani of Pordenone. See Edward Heawood, Watermarks, Mainly of the 17th and 18th Centuries (Hilversum, 1950), p. 36 and no. 360.</subfield></datafield><datafield tag="500" ind1=" " ind2=" "><subfield code="a">Contains diagrams of sundial markings and astronomical tables.</subfield></datafield><datafield tag="500" ind1=" " ind2=" "><subfield code="a">Text not rubricated; corrections in hand of copyist; kurrāsahs numbered: k ʻadad [1-4].</subfield></datafield><datafield tag="500" ind1=" " ind2=" "><subfield code="a">Date in colophon: wa-kāna al-farāgh min kitābat hādhihi al-risālah al-laṭīfah yawm al-arbuʻāʾ al-muwāfiq ithná wa-ʻishrīn yawman khalat min shahr Jumādá al-thānī sanat 1299 [i.e. 11 May 1882] ... ʻalá yad kātibihā al-faqīr ... Muḥammad ʻIrāqī al-Shiblanjī [?].</subfield></datafield><datafield tag="500" ind1=" " ind2=" "><subfield code="a">For another, defective copy of this text, see Mich. Isl. Ms. 779.</subfield></datafield><datafield tag="520" ind1=" " ind2=" "><subfield code="a">On sundials, in a muqaddimah, three bābs, and a khātimah.</subfield></datafield><datafield tag="538" ind1=" " ind2=" "><subfield code="a">Mode of access: Internet.</subfield></datafield><datafield tag="541" ind1=" " ind2=" "><subfield code="d">07/--/36</subfield><subfield code="3">Manuscript</subfield><subfield code="a">McGregor Fund</subfield><subfield code="c">Purchase, 1933/34</subfield><subfield code="h">20 p.t.</subfield></datafield><datafield tag="561" ind1=" " ind2=" "><subfield code="a">Purchased in Cairo, 1933/34. Owner's mark: on p. [1], manuscript notes in handwriting of Max Meyerhof.</subfield></datafield><datafield tag="650" ind1=" " ind2="0"><subfield code="a">Sundials.</subfield></datafield><datafield tag="650" ind1=" " ind2="0"><subfield code="a">Astronomy, Arab.</subfield></datafield><datafield tag="650" ind1=" " ind2="0"><subfield code="a">Manuscripts, Arabic</subfield><subfield code="z">Michigan</subfield><subfield code="z">Ann Arbor.</subfield></datafield><datafield tag="700" ind1="1" ind2=" "><subfield code="a">Meyerhof, Max,</subfield><subfield code="d">1874-1945,</subfield><subfield code="e">former owner.</subfield></datafield><datafield tag="773" ind1="0" ind2=" "><subfield code="7">unbc</subfield><subfield code="a">Tracy W. McGregor Collection of Arabic, Persian, and Turkish Mathematical and Astronomical Manuscripts.</subfield><subfield code="w">(CStRLIN)MIUH92-A20.</subfield></datafield><datafield tag="880" ind1="0" ind2="0"><subfield code="6">245-02/</subfield><subfield code="a">رسالة في رسم المنحرفات :</subfield><subfield code="k">manuscript،</subfield><subfield code="f">[1882].</subfield></datafield><datafield tag="880" ind1="0" ind2="0"><subfield code="6">240-01/</subfield><subfield code="a">فوائد شريفة وتحقيقات منيفة انتجبتها من المطولات فيما يتعلق بخصوص المنحرفات</subfield></datafield><datafield tag="CID" ind1=" " ind2=" "><subfield code="a">002601786</subfield></datafield><datafield tag="DAT" ind1="0" ind2=" "><subfield code="a">20190719102632.0</subfield><subfield code="b">20190719000000.0</subfield></datafield><datafield tag="DAT" ind1="1" ind2=" "><subfield code="a">20190719090653.0</subfield><subfield code="b">2019-07-19T16:10:39Z</subfield></datafield><datafield tag="DAT" ind1="2" ind2=" "><subfield code="a">2015-10-10T18:00:06Z</subfield><subfield code="b">2014-03-05T21:00:03Z</subfield></datafield><datafield tag="CAT" ind1=" " ind2=" "><subfield code="a">SDR-MIU</subfield><subfield code="d">EX LIBRIS - ALEPH</subfield><subfield code="l">prepare.pl-004-008</subfield></datafield><datafield tag="FMT" ind1=" " ind2=" "><subfield code="a">BK</subfield></datafield><datafield tag="HOL" ind1=" " ind2=" "><subfield code="0">sdr-miu002601786</subfield><subfield code="a">MiU</subfield><subfield code="b">SDR</subfield><subfield code="c">MIU</subfield><subfield code="p">mdp.39015081447362</subfield><subfield code="s">MIU</subfield><subfield code="1">002601786</subfield></datafield><datafield tag="974" ind1=" " ind2=" "><subfield code="b">MIU</subfield><subfield code="c">MIU</subfield><subfield code="d">20190719</subfield><subfield code="s">lit-dlps-dc</subfield><subfield code="u">mdp.39015081447362</subfield><subfield code="y">1882</subfield><subfield code="r">pd</subfield><subfield code="q">exp</subfield></datafield></record></collection>